@book{mlalgo09,
	author = "Stephen Marsland",
	title = "{M}achine {L}earning: An {A}lgorithmic {P}erspective",
	year = "2009",
	publisher = "Chapman \& Hall/CRC",
	series = "Machine Learning \&	Pattern Recognition",
}
@book{aimodern09,
	author = "Stuart Russell \& Peter Norvig",
	title = "Artificial Intelligence: A Modern Approach",
	year = "2009",
	edition = "3rd"
}
@book{introprmatlab10,
	author = "Sergios Theodoridis \& Konstantinos Koutroumbas",
	title = "An Introduction to Pattern Recognition: A MATLAB Approach",
	year = "2010",
	publisher = "Academic Press"
}
@book{pr4th08,
	author = "Sergios Theodoridis \& Konstantinos Koutroumbas",
	title = "Pattern Recognition",
	year = "2008",
	publisher = "Academic Press",
	edition = "4th"
}
@MISC{airoboticsudacity,
	author = "Sebastian Thrun",
	title = "\emph{Artificial Intelligence for Robotics}",
	publisher = "Udacity",
	howpublished = "\url{https://www.udacity.com/course/cs373}"
}
@MISC{neuralnetscoursera,
	author = "Geoffrey Hinton",
	title = "\emph{Neural Networks for Machine Learning}",
	publisher = "Coursera",
	howpublished = "\url{https://www.coursera.org/course/neuralnets}"
}
@MISC{mlcoursera,
	author = "Andrew Ng",
	title = "\emph{Machine Learning}",
	publisher = "Coursera",
	howpublished = "\url{https://www.coursera.org/course/ml}"
}

@MISC{gnumicrosoft,
	author = "Free Software Foundation",
	title = "Ã‰s Microsoft el Papu?",
	howpublished = "\url{http://www.gnu.org/philosophy/microsoft.ca.html}"
}
@MISC{wikipediapropietari,
	author = "Wikimedia Foundation",
	title = "Programari de Propietat",
	howpublished = "\url{http://ca.wikipedia.org/wiki/Programari\_de\_propietat}"
}
@MISC{gnucategories,
	author = "Free Software Foundation",
	title = "Categories de privacitat",
	howpublished = "\url{http://www.gnu.org/philosophy/categories.ca.html}"
}


