@book{mlalgo09,
	author = "Stephen Marsland",
	title = "{M}achine {L}earning: An {A}lgorithmic {P}erspective",
	year = "2009",
	publisher = "Chapman \& Hall/CRC",
	series = "Machine Learning \&	Pattern Recognition",
}
@book{aimodern09,
	author = "Stuart Russell \& Peter Norvig",
	title = "Artificial Intelligence: A Modern Approach",
	year = "2009",
	edition = "3rd"
}
@book{introprmatlab10,
	author = "Sergios Theodoridis \& Konstantinos Koutroumbas",
	title = "An Introduction to Pattern Recognition: A MATLAB Approach",
	year = "2010",
	publisher = "Academic Press"
}
@book{pr4th08,
	author = "Sergios Theodoridis \& Konstantinos Koutroumbas",
	title = "Pattern Recognition",
	year = "2008",
	publisher = "Academic Press",
	edition = "4th"
}
@MISC{airoboticsudacity,
	author = "Sebastian Thrun",
	title = "\emph{Artificial Intelligence for Robotics}",
	publisher = "Udacity",
	howpublished = "\url{https://www.udacity.com/course/cs373}"
}
@MISC{neuralnetscoursera,
	author = "Geoffrey Hinton",
	title = "\emph{Neural Networks for Machine Learning}",
	publisher = "Coursera",
	howpublished = "\url{https://www.coursera.org/course/neuralnets}"
}
@MISC{mlcoursera,
	author = "Andrew Ng",
	title = "\emph{Machine Learning}",
	publisher = "Coursera",
	howpublished = "\url{https://www.coursera.org/course/ml}"
}

@MISC{OrgDefEFF,
	author = "Wikipedia",
	title = "{E}lectronic {F}rontier {F}oundation",
	publisher = "Wikipedia",
	howpublished = "\url{http://ca.wikipedia.org/wiki/Electronic\_Frontier\_Foundation}"
}
@MISC{OrgDefEFFII,
	author = "Electronic Frontier Foundation",
	title = "{E}lectronic {F}rontier {F}oundation",
	publisher = "Electronic Frontier Foundation",
	howpublished = "\url{https://www.eff.org/about}"
}
@MISC{OrgDefFSF,
	author = "Free Software Foundation",
	title = "{F}ree {S}oftware {F}oundation",
	publisher = "Free Software Foundation",
	howpublished = "\url{http://www.fsf.org/appeal/2009/freedom-is-the-goal}"
}
@MISC{ObjGNU,
	author = "GNU (GNU's not Unix)",
	title = "GNU's Not Unix",
	publisher = "GNUs philosophy",
	howpublished = "\url{http://www.gnu.org/philosophy/philosophy.html}"
}
@MISC{GNUExit,
	author = "GNU",
	title = "The GNU Operating System",
	publisher = "Gnu Official Website",
	howpublished = "\url{http://www.gnu.org/gnu}"
}
@MISC{GNUExitII,
	author = "GNU",
	title = "About The GNU Operating System",
	publisher = "Gnu Official Website",
	howpublished = "\url{http://www.gnu.org/gnu/about-gnu.html}"
}
@MISC{GnuMan,
	author = "Wikipedia",
	title = "The Manifest GNU",
	publisher = "Gnu Official Website",
	howpublished = "\url{http://www.gnu.org/gnu/about-gnu.html}"
}
@MISC{LinExit,
	author = "Linux",
	title = "El Rincon de Linux",
	publisher = "El rincon de Linux",
	howpublished = "\url{http://www.linux-es.org/sobre_linux}"
}
@MISC{POSIX,
	author = "LynuxWorks",
	title = "What's POSIX?",
	publisher = "LynuxWorks",
	howpublished = "\url{http://www.lynuxworks.com/products/posix/posix.php}"
}
@MISC{MozExit,
	author = "Mozilla Corporation",
	title = "About the Mozilla Corporation",
	publisher = "Mozilla Corporation",
	howpublished = "\url{http://www.mozilla.org/en-US/foundation/moco/}"
}
@MISC{MozExitII,
	author = "Mozilla Corporation",
	title = "The Mozilla Foundation",
	publisher = "Mozilla Corporation",
	howpublished = "\url{http://www.mozilla.org/en-US/foundation/}"
}
@MISC{MozFesto,
	author = "Mozilla Corporation",
	title = "The Mozilla Manifesto - Mozilla",
	publisher = "Mozilla Corporation",
	howpublished = "\url{http://www.mozilla.org/en-US/about/manifesto/}"	
}
@MISC{GvsM,
	author = "Chromium",
	title = "The Chromium Projects",
	howpublished = "\url{http://www.chromium.org/}"
}
@MISC{Chrom,
	author = "Wikipedia",
	title = "Chromium",
	howpublished = "\url{http://ca.wikipedia.org/wiki/Chromium}"
}
@MISC{ProgPro,
	author = "Wikimedia Foundation",
	title = "Programari de Propietat",
	howpublished = "\url{http://ca.wikipedia.org/wiki/Programari\_de\_propietat}"
}
@MISC{gnucategories,
	author = "Free Software Foundation",
	title = "Categories de privacitat",
	howpublished = "\url{http://www.gnu.org/philosophy/categories.ca.html}"
}
@MISC{gnugpl,
        author = "FSF",
        title = "La Llicència GPL",
        howpublished = "\url{http://www.gnu.org/copyleft/gpl.html}"
}
@MISC{mit,
        author = "Open Source Iniciative",
        title = "La Llicència MIT",
        howpublished = "\url{http://opensource.org/licenses/MIT}"
}
@MISC{bsd,
        author = "Wikipedia Fundation",
        title = "BSD",
        howpublished = "\url{http://es.wikipedia.org/wiki/Berkeley_Software_Distribution}"
}
@MISC{tldr,
        author = "TLDR",
        title = "Explicació simplificada llicències",
        howpublished = "\url{http://www.tldrlegal.com/browse}"
}
@MISC{definicions,
        author = "Ramón M. Gómez Labrador (ramongomez@us.es)",
        title = "Definicions necessàries",
        howpublished = "\url{http://www.informatica.us.es/~ramon/articulos/LicenciasSoftware.pdf}"
}
@MISC{copyright,
        author = "Wikipedia Fundation",
        title = "Copyright",
        howpublished = "\url{http://es.wikipedia.org/wiki/Derecho_de_autor}"
}
@MISC{monoia,
        author = "Lina Marcela Cepeda Diaz \& Grace Lennis Benavides. \& Maria
        Cristina Lopez.",
        title = "Inteligencia artificial",
        howpublished = "\url{http://www.monografias.com/trabajos16/la-inteligencia
	-artificial/la-inteligencia-artificial.shtml}"
}
@MISC{wikiia,
        author = "Wikimedia Foundation",
        title = "Inteligencia artificial",
        howpublished = "\url{http://ca.wikipedia.org/wiki/Intel\%C2\%B7lig\%C3\%
	A8ncia_artificial}"
}
@MISC{definiciondeia,
        author = "Definicion.de",
        title = "Inteligencia artificial",
        howpublished = "\url{http://www.definicion.de/inteligencia-artificial/}"
}
@MISC{aidevelopers,
        author = "aidevelopers",
        title = "AI development",
        howpublished = "\url{http://www.aidevelopers.net/}"

}

@MISC{gentegeek,
        author = "Suil",
        title = "Software libre y software propietario, ventajas y desventajas",
        howpublished = "\url{http://www.gentegeek.com/sl-sp-ventajas-desventajas/}"

}

@MISC{apache,
        author = "Wikimedia Foundation",
        title = "Servidors HTTP Apache",
        howpublished = "\url{http://ca.wikipedia.org/wiki/Servidor_HTTP_Apache}"

}

@MISC{tinet,
        author = "Jordi Gili Llurba",
        title = "Aspectes econòmics de l'ús de programari lliure",
        howpublished = "\url{http://usuaris.tinet.cat/jogili/prog_lliure/}"

}

@MISC{pbs,
	author = "PBS off book",
	title = "Explicació i opinió de la IA",
	howpublished = "\url{http://www.youtube.com/watch?v=53K1dMyslJg}"
}
