@MISC{licenses,
        author = "{\ac{fsf}}",
        title = "{Various Licenses and Comments about Them}",
        howpublished = "\url{http://www.gnu.org/licenses/license-list.html}"
}
@MISC{wikifree,
        author = "{\ac{fsf}}",
        title = "{What is Free Software?}",
        howpublished = "\url{http://www.gnu.org/philosophy/free-sw.html}"
}
@MISC{sellingfree,
        author = "{\ac{fsf}}",
        title = "{Vender software libre?}",
        howpublished = "\url{https://www.gnu.org/philosophy/selling.es.html}"
}
