@MISC{gnucategories,
	author = "\ac{fsf}",
	title = "Categories de privacitat",
	howpublished = "\url{http://www.gnu.org/philosophy/categories.ca.html}"
}
@MISC{apache,
        author = "The Apache Software Foundation",
        title = "Web de la Fundació de Software Apache",
        howpublished = "\url{http://httpd.apache.org/}"

}
@MISC{tinet,
        author = "Jordi Gili Llurba",
        title = "Aspectes econòmics de l'ús de programari lliure",
        howpublished = "\url{http://usuaris.tinet.cat/jogili/prog_lliure/}"

}
@MISC{gentegeek,
        author = "Luis Lorenzo González",
        title = "Software libre y software propietario, ventajas y desventajas",
        howpublished = "\url{http://www.gentegeek.com/sl-sp-ventajas-desventajas/}"

}
@MISC{privatiuempreses,
        author = "Wikimedia Foundation",
        title = "List of the largest software companies",
        howpublished = "\url{http://en.wikipedia.org/wiki/List_of_the_largest_software_companies}"

}
@MISC{whyfoss,
        author = "David A. Wheeler",
        title = "Why \ac{foss}?",
        howpublished = "\url{http://www.dwheeler.com/oss_fs_why.html}"

}
@MISC{apachelicense,
        author = "The Apache Software Foundation",
        title = "The Apache License, Version 2.0",
        howpublished = "\url{http://www.apache.org/licenses/LICENSE-2.0.html}"

}
@MISC{osstats,
        author = "W3Schools",
        title = "OS Platform Statistics",
        howpublished = "\url{http://www.w3schools.com/browsers/browsers_os.asp}"

}

